%% This BibTeX bibliography file was created using BibDesk.
%% http://bibdesk.sourceforge.net/


%% Created for Lally Singh at 2004-08-26 14:22:04 -0400 



@article{944590,
	Author = {Kurt Stephens},
	Doi = {http://doi.acm.org/10.1145/944579.944590},
	Issn = {0362-1340},
	Journal = {SIGPLAN Not.},
	Local-Url = {file://localhost/Users/lally/Work/Docs/Papers/XVF2.pdf},
	Number = {8},
	Pages = {55--59},
	Publisher = {ACM Press},
	Title = {{XVF}: {C}++ {I}ntrospection by {E}xtensible {V}isitation},
	Volume = {38},
	Year = {2003}}

@article{114671,
	Author = {Richard P. Gabriel and Jon L. White and Daniel G. Bobrow},
	Doi = {http://doi.acm.org/10.1145/114669.114671},
	Issn = {0001-0782},
	Journal = {Commun. ACM},
	Local-Url = {file://localhost/Users/lally/Work/Docs/Papers/114671.pdf},
	Number = {9},
	Pages = {29--38},
	Publisher = {ACM Press},
	Title = {CLOS: {I}ntegrating {O}bject-{O}riented and {F}unctional {P}rogramming},
	Volume = {34},
	Year = {1991}}

@article{885632,
	Author = {Daniel G. Bobrow and Linda G. DeMichiel and Richard P. Gabriel and Sonya E. Keene and Gregor Kiczales and David A. Moon},
	Doi = {http://doi.acm.org/10.1145/885631.885632},
	Issn = {0362-1340},
	Journal = {SIGPLAN Not.},
	Keywords = {CLOS},
	Local-Url = {file://localhost/Users/lally/Work/Docs/Papers/885632.pdf},
	Number = {SI},
	Pages = {1--142},
	Publisher = {ACM Press},
	Title = {Common {L}isp {O}bject {S}ystem {S}pecification},
	Volume = {23},
	Year = {1988}}

@misc{watcom-about,
	Author = {SciTech Software Inc},
	Title = {(About) {O}pen {W}atcom - {P}ortable {C}ompilers and {T}ools},
 howpublished = "\url{http://www.openwatcom.org/about/info_content.html}",
	Urldate = {August 22, 2004}}

@inproceedings{iguana,
	Address = {San Francisco, California, USA},
	Author = {Brendan Gowing and Vinny Cahill},
	Booktitle = {Proceedings of the {R}eflection '96 {C}onference},
	Local-Url = {file://localhost/Users/lally/Work/Docs/Papers/iguana-reflection96.pdf},
	Organization = {Xerox Palo Alto Research Center},
	Title = {Meta-{O}bject {P}rotocols for {C}++: {T}he {I}guana {A}pproach},
	Year = {1996}}

@article{240738,
	Author = {Yutaka Ishikawa},
	Doi = {http://doi.acm.org/10.1145/240732.240738},
	Journal = {SIGAPP Appl. Comput. Rev.},
	Local-Url = {file://localhost/Users/lally/Work/Docs/Papers/240738.pdf},
	Number = {1},
	Pages = {15--18},
	Publisher = {ACM Press},
	Title = {MP{C}++ {A}pproach to {P}arallel {C}omputing {E}nvironment},
	Volume = {4},
	Year = {1996}}

@article{643553,
	Author = {Licia Capra and Gordon S. Blair and Cecilia Mascolo and Wolfgang Emmerich and Paul Grace},
	Doi = {http://doi.acm.org/10.1145/643550.643553},
	Journal = {SIGMOBILE Mob. Comput. Commun. Rev.},
	Local-Url = {file://localhost/Users/lally/Work/Docs/Papers/ExplReflInMCMidlWare.pdf},
	Number = {4},
	Pages = {34--44},
	Publisher = {ACM Press},
	Title = {Exploiting {R}eflection in {M}obile {C}omputing {M}iddleware},
	Volume = {6},
	Year = {2002}}

@misc{NSProxy,
	Author = {Apple Computer},
	Title = {Cocoa: {NSP}roxy {C}lass ({O}bjective-{C})},
 howpublished = "\url{http://developer.apple.com/documentation/Cocoa/Reference/Foundation/ObjC_classic/Classes/NSProxy.html}",
	Urldate = {August 22, 2004}}

@inproceedings{349141,
	Author = {Daniel Schulz and Frank Mueller},
	Booktitle = {Proceedings of the 2000 {ACM} {SIGSOFT} {I}nternational {S}ymposium on {S}oftware {T}esting and {A}nalysis},
	Doi = {http://doi.acm.org/10.1145/347324.349141},
	Isbn = {1-58113-266-2},
	Local-Url = {file://localhost/Users/lally/Work/Docs/Papers/349141.pdf},
	Location = {Portland, Oregon, United States},
	Pages = {201--211},
	Publisher = {ACM Press},
	Title = {A {T}hread-{A}ware {D}ebugger with an {O}pen {I}nterface},
	Year = {2000}}

@book{cppobjmodel,
	Author = {Stanley B. Lippman},
	Month = {May},
	Publisher = {Addison-Wesley},
	Title = {Inside the {C}++ {O}bject {M}odel},
	Year = {1996}}

@misc{AOP,
	Author = {The Eclipse Project},
	Title = {{A}spect{J} {D}ocumentation},
 howpublished = "\url{http://eclipse.org/aspectj}",
	Urldate = {August 22, 2004}}

@misc{openwatcom,
	Author = {SciTech Software Inc},
	Title = {Open {W}atcom - {P}ortable {C}ompilers and {T}ools},
 howpublished = "\url{http://www.openwatcom.org/index.html}",
	Urldate = {August 23, 2004}}

@misc{gcc-home,
	Author = {The GNU Project},
	Title = {{GCC} {H}ome {P}age - {GNU} {P}roject - {F}ree {S}oftware {F}oundation ({FSF})},
 howpublished = "\url{http://gcc.gnu.org/}",
	Urldate = {August 23, 2004}}

@inproceedings{38828,
	Author = {David Ungar and Randall B. Smith},
	Booktitle = {Conference {P}roceedings on Object-{O}riented {P}rogramming {S}ystems, {L}anguages and {A}pplications},
	Doi = {http://doi.acm.org/10.1145/38765.38828},
	Isbn = {0-89791-247-0},
	Local-Url = {file://localhost/Users/lally/Work/Docs/Papers/38828.pdf},
	Location = {Orlando, Florida, United States},
	Pages = {227--242},
	Publisher = {ACM Press},
	Title = {Self: The {P}ower of {S}implicity},
	Year = {1987}}

@inproceedings{582131,
	Author = {Gordon S. Blair and Geoff Coulson and Lynne Blair and Hector Duran-Limon and Paul Grace and Rui Moreira and Nikos Parlavantzas},
	Booktitle = {Proceedings of the {F}irst {W}orkshop on {S}elf-{H}ealing {S}ystems},
	Doi = {http://doi.acm.org/10.1145/582128.582131},
	Isbn = {1581136099},
	Local-Url = {file://localhost/Users/lally/Work/Docs/Papers/uncategorized/ReflSelfAwSelfHinOpenORB.pdf},
	Location = {Charleston, South Carolina},
	Pages = {9--14},
	Publisher = {ACM Press},
	Title = {Reflection, {S}elf-{A}wareness and {S}elf-{H}ealing in {O}pen{ORB}},
	Year = {2002}}

@misc{visualcpp,
	Author = {Microsoft Corporation},
	Title = {Visual {C}++ {D}eveloper {C}enter},
 howpublished = "\url{http://msdn.microsoft.com/visualc/}",
	Urldate = {August 23, 2004}}

@misc{CORBAIntercpMan,
	Author = {BEA Systems Inc.},
	Title = {Introduction to {CORBA} {R}equest-{L}evel {I}nterceptors},
 howpublished = "\url{http://e-docs.bea.com/tuxedo/tux81/rli/rliover.htm}",
	Urldate = {August 22, 2004}}

@misc{codewarrior,
	Author = {Metrowerks Corporation},
	Title = {Codewarrior {D}evelopment {S}tudio},
 howpublished = "\url{http://www.metrowerks.com/MW/Develop/compiler.htm}",
	Urldate = {August 23, 2004}}

@inproceedings{582428,
	Author = {Marc-Olivier Killijian and Juan-Carlos Ruiz and Jean-Charles Fabre},
	Booktitle = {Proceedings of the 17th {ACM} {SIGPLAN} {C}onference on {O}bject-{O}riented {P}rogramming, {S}ystems, {L}anguages, and {A}pplications},
	Doi = {http://doi.acm.org/10.1145/582419.582428},
	Isbn = {1-58113-471-1},
	Local-Url = {file://localhost/Users/lally/Work/Docs/Papers/582428.pdf},
	Location = {Seattle, Washington, USA},
	Pages = {68--82},
	Publisher = {ACM Press},
	Title = {Portable {S}erialization of {CORBA} {O}bjects: {A} {R}eflective {A}pproach},
	Year = {2002}}

@misc{vcpp-conform,
	Author = {Microsoft Corporation},
	Title = {Visual {C}++ {.NET} 2003 {E}nhanced {C}ompiler {C}onformance},
 howpublished = "\url{http://msdn.microsoft.com/library/default.asp?url=/library/en-us/vclang/html/vclrfvisualcnet2003enhancedcompilerconformance.asp}",
	Urldate = {August 23, 2004}}

@phdthesis{MIT-LCS-TR-272,
	Author = {Smith, Brian C.},
	Keywords = {Reflection},
	Local-Url = {file://localhost/Users/lally/Work/Docs/Papers/MIT-LCS-TR-272.pdf},
	School = {Massachusetts Institute of Technology},
	Title = {Reflection and {S}emantics in a {P}rocedural {L}anguage},
	Year = {1982}}

@misc{vcpp-extend,
	Author = {Microsoft Corporation},
	Title = {Visual {C}++: {A}dding {F}unctionality},
 howpublished = "\url{http://msdn.microsoft.com/library/default.asp?url=/library/en-us/vccore/html/vcovrProgrammingTechniques.asp}",
	Urldate = {August 23, 2004}}

@techreport{CORBAPIStd,
	Author = {Object Management Group},
	Institution = {Object Management Group},
	Title = {{CORBA} {P}ortable {I}nterceptors},
	Year = {2004}}

@article{233562,
	Author = {Urs H{\"o}lzle and David Ungar},
	Doi = {http://doi.acm.org/10.1145/233561.233562},
	Issn = {0164-0925},
	Journal = {ACM Trans. Program. Lang. Syst.},
	Local-Url = {file://localhost/Users/lally/Work/Docs/Papers/233562.pdf},
	Number = {4},
	Pages = {355--400},
	Publisher = {ACM Press},
	Title = {Reconciling {R}esponsiveness with {P}erformance in {P}ure {O}bject-{O}riented {L}anguages},
	Volume = {18},
	Year = {1996}}

@misc{comeau,
	Author = {Comeau Computing},
	Title = {{C}++ {C}ompilers {F}rom {C}omeau {C}omputing {T}argeting {ANSI}/{ISO} {C}++ Standard / {C} and {C}++ {C}ompiler for {M}ulti-{P}latform {N}eeds},
 howpublished = "\url{http://www.comeaucomputing.com}",
	Urldate = {August 23, 2004}}

@misc{gcc-abi,
	Author = {The {GCC} Team},
	Title = {A {C}ommon {C}++ {ABI} for {GNU}/{L}inux},
 howpublished = "\url{http://gcc.gnu.org/gcc-3.2/C++-abi.html}",
	Urldate = {August 22, 2004}}

@misc{comeau-faq,
	Author = {Comeau Computing},
	Title = {General {C}++ {FAQ}},
 howpublished = "\url{http://www.comeaucomputing.com/faqs/genfaq.html}",
	Urldate = {August 23, 2004}}

@article{ptrace,
	Author = {Sandeep S},
	Journal = {Linux Gazette},
	Month = {August},
	Number = {81},
	Title = {Process {T}racing {U}sing {P}trace},
 howpublished = "\url{http://linuxgazette.net/issue81/sandeep.html}",
	Year = {2002}}

@misc{comeau-try,
	Author = {Comeau Computing},
	Title = {Test {D}rive {C}omeau {C/C}++ {O}nline},
 howpublished = "\url{http://www.comeaucomputing.com/tryitout/}",
	Urldate = {August 23, 2004}}

@misc{watcom-ver,
	Author = {EMS Professional Software},
	Title = {Watcom {S}oftware {V}ersions {I}nformation},
 howpublished = "\url{http://www.emsps.com/oldtools/watcomv.htm}",
	Urldate = {August 23, 2004}}

@inproceedings{74911,
	Author = {B. Foote and R. E. Johnson},
	Booktitle = {Conference {P}roceedings on {O}bject-{O}riented {P}rogramming {S}ystems, {L}anguages and {A}pplications},
	Doi = {http://doi.acm.org/10.1145/74877.74911},
	Isbn = {0-89791-333-7},
	Local-Url = {file://localhost/Users/lally/Work/Docs/Papers/74911.pdf},
	Location = {New Orleans, Louisiana, United States},
	Pages = {327--335},
	Publisher = {ACM Press},
	Title = {Reflective {F}acilities in {S}malltalk-80},
	Year = {1989}}

@misc{ddd,
	Author = {The {GNU} Project},
	Title = {{DDD} - {D}ata {D}isplay {D}ebugger},
 howpublished = "\url{http://www.gnu.org/software/ddd/}",
	Urldate = {August 22, 2004}}

@misc{lwn-kern,
	Author = {Jonathan Corbet},
	Title = {{LWN} - {K}ernel},
 howpublished = "\url{http://lwn.net/2000/1109/kernel.php3}",
	Urldate = {August 23, 2004}}

@inproceedings{263752,
	Author = {Raimondas Lencevicius and Urs Holzle and Ambuj K. Singh},
	Booktitle = {Proceedings of the 12th {ACM} {SIGPLAN} {C}onference on {O}bject-{O}riented {P}rogramming, {S}ystems, {L}anguages, and {A}pplications},
	Doi = {http://doi.acm.org/10.1145/263698.263752},
	Isbn = {0-89791-908-4},
	Local-Url = {file://localhost/Users/lally/Work/Docs/Papers/263752.pdf},
	Location = {Atlanta, Georgia, United States},
	Pages = {304--317},
	Publisher = {ACM Press},
	Title = {Query-{B}ased {D}ebugging of {O}bject-{O}riented {P}rograms},
	Year = {1997}}

@inproceedings{381750,
	Author = {Chanika Hobatr and Brian A. Malloy},
	Booktitle = {Proceedings of the 23rd {I}nternational {C}onference on {S}oftware {E}ngineering},
	Isbn = {0-7695-1050-7},
	Local-Url = {file://localhost/Users/lally/Work/Docs/Papers/381750.pdf},
	Location = {Toronto, Ontario, Canada},
	Pages = {839--840},
	Publisher = {IEEE Computer Society},
	Title = {Using {OCL}-{Q}ueries for {D}ebugging {C}++},
	Year = {2001}}

@misc{metaprogram-ex,
	Author = {Todd L. Veldhuizen},
	Title = {Template {M}etaprograms},
 howpublished = "\url{http://osl.iu.edu/~tveldhui/papers/Template-Metaprograms/meta-art.html}",
	Urldate = {August 22, 2004}}

@book{templ-guide,
	Author = {David Vandevoorde and Nicolai M. Josuttis},
	Publisher = {Addison-Wesley},
	Title = {{C}++ {T}emplates: {T}he {C}omplete {G}uide},
	Year = {2002}}

@inproceedings{376846,
	Author = {Fabian Breg and Constantine D. Polychronopoulos},
	Booktitle = {Proceedings of the 2001 {J}oint ACM-ISCOPE Conference on Java {G}rande},
	Doi = {http://doi.acm.org/10.1145/376656.376846},
	Isbn = {1-58113-359-6},
	Local-Url = {file://localhost/Users/lally/Work/Docs/Papers/376846.pdf},
	Location = {Palo Alto, California, United States},
	Pages = {173--180},
	Publisher = {ACM Press},
	Title = {Java {V}irtual {M}achine {S}upport for {O}bject {S}erialization},
	Year = {2001}}

@misc{java-progdyn,
	Author = {Dennis M. Sosnoski},
	Title = {Java {P}rogramming {D}ynamics, {P}art 2: {I}ntroducing {R}eflection},
 howpublished = "\url{http://www-106.ibm.com/developerworks/java/library/j-dyn0603/}",
	Urldate = {August 22, 2004}}

@inproceedings{957325,
	Author = {Tom Lunney and Aidan McCaughey},
	Booktitle = {Proceedings of the 2nd {I}nternational {C}onference on {P}rinciples and {P}ractice of {P}rogramming in {J}ava},
	Isbn = {0-9544145-1-9},
	Keywords = {Java Persistence},
	Local-Url = {file://localhost/Users/lally/Work/Docs/Papers/957325.pdf},
	Location = {Kilkenny City, Ireland},
	Pages = {115--120},
	Publisher = {Computer Science Press, Inc.},
	Title = {Object {P}ersistence in {J}ava},
	Year = {2003}}

@article{944589,
	Author = {Marjan Hericko and Matjaz B. Juric and Ivan Rozman and Simon Beloglavec and Ales Zivkovic},
	Doi = {http://doi.acm.org/10.1145/944579.944589},
	Issn = {0362-1340},
	Journal = {SIGPLAN Not.},
	Keywords = {Java Persistence},
	Local-Url = {file://localhost/Users/lally/Work/Docs/Papers/944589.pdf},
	Number = {8},
	Pages = {44--54},
	Publisher = {ACM Press},
	Title = {Object {S}erialization {A}nalysis and {C}omparison in {J}ava and {.NET}},
	Volume = {38},
	Year = {2003}}

@book{IDL,
	Author = {Object Management Group},
	Local-Url = {file://localhost/Users/lally/Work/Docs/Papers/IDL.pdf},
	Title = {{CORBA} 2.6 - Chapter 3 - {OMG} {IDL} {S}yntax and {S}emantics},
	Year = {2001}}

@misc{java-api,
	Author = {Sun Microsystems},
	Keywords = {Java},
	Title = {Java 2 {P}latform, {S}tandard {E}dition, v 1.4.2 {API} {S}pecification},
 howpublished = "\url{http://java.sun.com/j2se/1.4.2/docs/api/index.html}",
	Urldate = {August 18, 2004}}

@misc{MAC-HIG,
	Publisher = {Apple Computer},
	Title = {Apple {H}uman {I}nterface {G}uidelines},
 howpublished = "\url{http://developer.apple.com/documentation/UserExperience/Conceptual/OSXHIGuidelines/OSXHIGuidelines.pdf}",
	Urldate = {August 22, 2004},
	Year = {2004}}

@misc{WebObjects,
	Author = {Apple Computer},
	Local-Url = {file://localhost/Users/lally/Work/Docs/Papers/Web{O}bjects.pdf},
	Title = {Web{O}bjects {O}verview},
	howpublished = "\url{http://developer.apple.com/documentation/WebObjects/WebObjects_Overview/WebObjects_Overview.pdf}"}

@inproceedings{802792,
	Author = {Ira P. Goldstein and Daniel G. Bobrow},
	Booktitle = {Proceedings of the 1980 {ACM} {C}onference on {LISP} and {F}unctional {P}rogramming},
	Local-Url = {file://localhost/Users/lally/Work/Docs/Papers/802792.pdf},
	Location = {Stanford University, California, United States},
	Pages = {75--81},
	Publisher = {ACM Press},
	Title = {Extending {O}bject {O}riented {P}rogramming in {S}malltalk},
	Year = {1980}}

@inproceedings{74921,
	Author = {J.-P. Briot and P. Cointe},
	Booktitle = {Conference {P}roceedings on {O}bject-{O}riented {P}rogramming {S}ystems, {L}anguages and {A}pplications},
	Doi = {http://doi.acm.org/10.1145/74877.74921},
	Isbn = {0-89791-333-7},
	Local-Url = {file://localhost/Users/lally/Work/Docs/Papers/74921.pdf},
	Location = {New Orleans, Louisiana, United States},
	Pages = {419--431},
	Publisher = {ACM Press},
	Title = {Programming with {E}xplicit {M}etaclasses in {S}malltalk-80},
	Year = {1989}}

@misc{WO-KVC,
	Author = {Apple Computer},
	Title = {Web{O}bjects: {E}nterprise {K}ey {C}oncepts of {O}bject-{O}riented {P}rogramming},
 howpublished = "\url{http://developer.apple.com/documentation/WebObjects/Enterprise_Objects/Introduction/chapter_2_section_6.html}",
	Urldate = {August 22, 2004}}

@book{JVM,
	Author = {Tim Lindholm and Frank Yellin},
	Edition = {2nd Edition},
	Month = {April},
	Publisher = {Addison-Wesley},
	Title = {The Java({TM}) {V}irtual {M}achine {S}pecification},
	Year = {1999}}

@book{dne,
	Author = {Bjarne Stroustrup},
	Keywords = {{C}++},
	Publisher = {Addison-Wesley},
	Title = {The {D}esign and {E}volution of {C}++},
	Year = {1994}}

@misc{java-rmi,
	Author = {Sun Microsystems},
	Keywords = {Java RMI},
	Title = {Java {R}emote {M}ethod {I}nvocation ({J}ava {RMI})},
	howpublished = "\url{http://java.sun.com/products/jdk/rmi/}"}

@misc{TAO,
    Author = {{D}istributed {O}bject {C}omputing {G}roup},
	Title = {{TAO} {O}verview},
 howpublished = "\url{http://www.cs.wustl.edu/~schmidt/TAO-intro.html}",
	Urldate = {August 22, 2004}}

@misc{mico,
	Author = {The {MICO} {P}roject},
	Title = {{MICO} - {M}ico {I}s {CO}rba},
 howpublished = "\url{http://www.mico.org}",
	Urldate = {August 22, 2004}}

@misc{java-generics,
	Author = {Sun {M}icrosystems},
	Keywords = {Java Generics},
	Local-Url = {file://localhost/Users/lally/Work/Docs/Papers/generics-tutorial.pdf},
	Title = {Generics in the {J}ava {P}rogramming {L}anguage},
 howpublished = "\url{http://java.sun.com/j2se/1.5/pdf/generics-tutorial.pdf}",
	Urldate = {August 18, 2004}}

@misc{omniorb,
	Author = {Duncan Grisby},
	Title = {omni{ORB}: {F}ree {H}igh {P}erformance {ORB}},
 howpublished = "\url{http://omniorb.sourceforge.net}",
	Urldate = {August 22, 2004}}

@inproceedings{567553,
	Author = {Norihisa Suzuki},
	Booktitle = {Proceedings of the 8th {ACM} {SIGPLAN}-{SIGACT} {S}ymposium on {P}rinciples of {P}rogramming {L}anguages},
	Doi = {http://doi.acm.org/10.1145/567532.567553},
	Isbn = {0-89791-029-X},
	Local-Url = {file://localhost/Users/lally/Work/Docs/Papers/567553.pdf},
	Location = {Williamsburg, Virginia},
	Pages = {187--199},
	Publisher = {ACM Press},
	Title = {Inferring {T}ypes in {S}malltalk},
	Year = {1981}}

@misc{opencpp,
	Author = {Shigeru Chiba},
	Keywords = {{C}++ Open{C}++},
	Title = {Open{C}++ {H}ome {P}age},
 howpublished = "\url{http://www.csg.is.titech.ac.jp/~chiba/openC++.html}",
	Urldate = {August 18, 2004}}

@article{947961,
	Author = {Tim Rentsch},
	Doi = {http://doi.acm.org/10.1145/947955.947961},
	Issn = {0362-1340},
	Journal = {SIGPLAN Not.},
	Local-Url = {file://localhost/Users/lally/Work/Docs/Papers/947961.pdf},
	Number = {9},
	Pages = {51--57},
	Publisher = {ACM Press},
	Title = {Object {O}riented {P}rogramming},
	Volume = {17},
	Year = {1982}}

@misc{opencpp-tut,
	Author = {Shigeru Chiba},
	Keywords = {Open{C}++},
	Local-Url = {file://localhost/Users/lally/Work/Docs/Papers/opencpptutorial.pdf},
	Title = {Open{C}++ {T}utorial},
	howpublished = "\url{http://www.csg.is.titech.ac.jp/~chiba/opencxx/tutorial.pdf}"}

@article{508470,
	Author = {Fabio Kon and Fabio Costa and Gordon Blair and Roy H. Campbell},
	Doi = {http://doi.acm.org/10.1145/508448.508470},
	Issn = {0001-0782},
	Journal = {Commun. ACM},
	Local-Url = {file://localhost/Users/lally/Work/Docs/Papers/508470.pdf},
	Number = {6},
	Pages = {33--38},
	Publisher = {ACM Press},
	Title = {The {C}ase for {R}eflective {M}iddleware},
	Volume = {45},
	Year = {2002}}

@misc{obj-intro,
	Author = {Michael Chui},
	Keywords = {Objective C},
	Title = {Object {O}riented {P}rogramming in {O}bjective-{C}},
 howpublished = "\url{http://www.cs.indiana.edu/classes/c304/oop-intro.html}",
	Urldate = {August 18, 2004}}

@inproceedings{809715,
	Author = {David Robson},
	Booktitle = {Proceedings of the 1983 {A}nnual {C}onference on {C}omputers : {E}xtending the {H}uman {R}esource},
	Isbn = {0-89791-120-2},
	Local-Url = {file://localhost/Users/lally/Work/Docs/Papers/809715.pdf},
	Pages = {133},
	Publisher = {ACM Press},
	Title = {Smalltalk},
	Year = {1983}}

@inproceedings{804484,
	Author = {Alan C. Kay},
	Booktitle = {Proceedings of the {I}nternational {C}onference on {APL}: {P}art 1},
	Doi = {http://doi.acm.org/10.1145/800136.804484},
	Local-Url = {file://localhost/Users/lally/Work/Docs/Papers/804484.pdf},
	Location = {New York, New York, United States},
	Pages = {340},
	Publisher = {ACM Press},
	Title = {Smalltalk and {G}eneric {C}oncepts in {P}rogramming {L}anguages},
	Year = {1979}}

@misc{dekorte,
	Author = {Steven Dekorte},
	Keywords = {Objective C},
	Title = {Objective-{C}},
 howpublished = "\url{http://www.dekorte.com/Objective-C/index.html}",
	Urldate = {August 18, 2004}}

@misc{gnustep,
	Author = {The {GNU}step Project},
	Keywords = {GNUStep},
	Title = {{GNU}step.org},
 howpublished = "\url{http://www.gnustep.org/}",
	Urldate = {August 18, 2004}}

@inproceedings{336556,
	Author = {Robyn R. Lutz},
	Booktitle = {Proceedings of the {C}onference on the {F}uture of {S}oftware {E}ngineering},
	Doi = {http://doi.acm.org/10.1145/336512.336556},
	Isbn = {1-58113-253-0},
	Local-Url = {file://localhost/Users/lally/Work/Docs/Papers/336556.pdf},
	Location = {Limerick, Ireland},
	Pages = {213--226},
	Publisher = {ACM Press},
	Title = {Software {E}ngineering for {S}afety: {A} {R}oadmap},
	Year = {2000}}

@misc{mwcw8pro,
	Author = {Metrowerks {C}orporation},
	Title = {Codewarrior {P}ro 8 for the {M}acintosh},
	Year = {2003}}

@article{272176,
	Author = {Zhongping Tao and Gregor {v. Bochmann} and Rachida Dssouli},
	Doi = {http://dx.doi.org/10.1023/A:1013692902855},
	Issn = {1383-469X},
	Journal = {Mob. Netw. Appl.},
	Number = {3},
	Pages = {259--269},
	Publisher = {Kluwer Academic Publishers},
	Title = {A {F}ormal {M}ethod for {S}ynthesizing {O}ptimized {P}rotocol {C}onverters and its {A}pplication to {M}obile {D}ata {N}etworks},
	Volume = {2},
	Year = {1997}}

@inproceedings{800513,
	Author = {Brian Cantwell Smith},
	Booktitle = {Proceedings of the 11th {ACM} {SIGACT}-{SIGPLAN} {S}ymposium on {P}rinciples of {P}rogramming {L}anguages},
	Isbn = {0-89791-125-3},
	Local-Url = {file://localhost/Users/lally/Work/Docs/Papers/800513.pdf},
	Location = {Salt Lake City, Utah, United States},
	Pages = {23--35},
	Publisher = {ACM Press},
	Title = {Reflection and {S}emantics in {LISP}},
	Year = {1984}}

@misc{java-reflect,
	Author = {Sun Microsystems},
	Keywords = {Java Reflection},
	Title = {The {R}eflection {API}},
 howpublished = "\url{http://java.sun.com/docs/books/tutorial/reflect/}",
	Urldate = {August 18, 2004}}

@proceedings{01254388,
	Author = {T. Srivatanakul and J.A. Clark and S. Stapney and F. Polack},
	Editor = {CSP Security},
	Journal = {IEEE {A}sia-{P}acific {E}ngineering {C}onference ({APSEC})},
	Local-Url = {file://localhost/Users/lally/Work/Docs/Papers/01254388.pdf},
	Title = {Challenging {F}ormal {S}pecifications by {M}utation: a {CSP} {S}ecurity {E}xample},
	Year = {2003}}

@misc{nitrogen,
	Author = {Lisa Lippencott},
	Keywords = {Nitrogen {C}++},
	Title = {Nitrogen},
 howpublished = "\url{http://nitric.sourceforge.net/}",
	Urldate = {August 18, 2004}}

@misc{boost-mpl,
	Author = {Aleksey Gurtovoy},
	Keywords = {Boost Metaprogramming},
	Title = {The {B}oost {MPL} {L}ibrary},
 howpublished = "\url{http://www.boost.org/libs/mpl/doc/index.html}",
	Urldate = {August 18, 2004}}

@inproceedings{167068,
	Author = {Kenneth R. Wood},
	Booktitle = {Proceedings of the 1st {ACM} {SIGSOFT} {S}ymposium on {F}oundations of {S}oftware {E}ngineering},
	Doi = {http://doi.acm.org/10.1145/256428.167068},
	Isbn = {0-89791-625-5},
	Local-Url = {file://localhost/Users/lally/Work/Docs/Papers/167068.pdf},
	Location = {Los Angeles, California, United States},
	Pages = {79--88},
	Publisher = {ACM Press},
	Title = {A {P}ractical Approach to {S}oftware {E}ngineering {U}sing Z and the {R}efinement {C}alculus},
	Year = {1993}}

@inproceedings{257578,
	Author = {Susan Gerhart and Dan Craigen and Ted Ralston},
	Booktitle = {Proceedings of the 15th {I}nternational {C}onference on Software Engineering},
	Isbn = {0-89791-588-7},
	Local-Url = {file://localhost/Users/lally/Work/Docs/Papers/257578.pdf},
	Location = {Baltimore, Maryland, United States},
	Pages = {24--33},
	Publisher = {IEEE Computer Society Press},
	Title = {Observations on {I}ndustrial {P}ractice using {F}ormal {M}ethods},
	Year = {1993}}

@misc{boost-traits,
	Author = {John Maddock and Steve Cleary and et al.},
	Title = {The {B}oost {T}ype {T}raits {L}ibrary},
 howpublished = "\url{http://www.boost.org/libs/type_traits/index.html}",
	Urldate = {August 18, 2004}}

@article{369267,
	Author = {Lars Asplund and Kristina Lundqvist},
	Doi = {http://doi.acm.org/10.1145/369264.369267},
	Issn = {1094-3641},
	Journal = {Ada Lett.},
	Local-Url = {file://localhost/Users/lally/Work/Docs/Papers/369267.pdf},
	Number = {4},
	Pages = {32--39},
	Publisher = {ACM Press},
	Title = {Safety {C}ritical {S}ystems {B}ased on {F}ormal {M}odels},
	Volume = {XX},
	Year = {2000}}

@article{00699026,
	Author = {Makoto Yokoo},
	Journal = {Multi Agent Systems},
	Keywords = {Agent},
	Local-Url = {file://localhost/Users/lally/Work/Docs/Papers/00699026.pdf},
	Title = {Distributed {C}onstraint {S}atisfaction: {F}oundation and {A}pplications},
	Year = {1998}}

@misc{fmnet,
	Author = {Jonathan Bowen},
	Title = {The {W}orld {W}ide {W}eb {V}irtual {L}ibrary: {F}ormal {M}ethods},
	Url = {http://vl.fmnet.info}}

@inproceedings{860696,
	Author = {Feng Wan and Munindar P. Singh},
	Booktitle = {Proceedings of the {S}econd {I}nternational {J}oint {C}onference on {A}utonomous {A}gents and {M}ultiagent {S}ystems},
	Doi = {http://doi.acm.org/10.1145/860575.860696},
	Isbn = {1-58113-683-8},
	Keywords = {Agent Formal},
	Local-Url = {file://localhost/Users/lally/Work/Docs/Papers/860696.pdf},
	Location = {Melbourne, Australia},
	Pages = {749--756},
	Publisher = {ACM Press},
	Title = {Commitments and {C}ausality for {M}ultiagent {D}esign},
	Year = {2003}}

@book{HoareBook,
	Author = {C. A. R. Hoare},
	Publisher = {Prentice Hall International},
	Title = {Communicating {S}equential {P}rocesses},
	Year = {1984}}

@inproceedings{376009,
	Author = {Scott A. DeLoach},
	Booktitle = {Proceedings of the {F}ifth {I}nternational {C}onference on {A}utonomous {A}gents},
	Doi = {http://doi.acm.org/10.1145/375735.376009},
	Isbn = {1-58113-326-X},
	Keywords = {Agent Formal},
	Local-Url = {file://localhost/Users/lally/Work/Docs/Papers/376009.pdf},
	Location = {Montreal, Quebec, Canada},
	Pages = {102--103},
	Publisher = {ACM Press},
	Title = {Specifying {A}gent {B}ehavior as {C}oncurrent {T}asks},
	Year = {2001}}

@article{00699063,
	Author = {Singh, M.P.},
	Journal = {Multi {A}gent {S}ystems},
	Keywords = {Agent Formal},
	Local-Url = {file://localhost/Users/lally/Work/Docs/Papers/00699063.pdf},
	Title = {Developing {F}ormal {S}pecifications to {C}oordinate {H}eterogeneous {A}utonomous {A}gents},
	Year = {1998}}

@book{sebesta,
	Author = {Robert W. Sebesta},
	Edition = {5th},
	Keywords = {Languages},
	Publisher = {Addison-Wesley},
	Title = {Concepts of {P}rogramming {L}anguages},
	Year = {2002}}

@article{359585,
	Author = {C. A. R. Hoare},
	Doi = {http://doi.acm.org/10.1145/359576.359585},
	Issn = {0001-0782},
	Journal = {Commun. ACM},
	Local-Url = {file://localhost/Users/lally/Work/Docs/Papers/359585.pdf},
	Number = {8},
	Pages = {666--677},
	Publisher = {ACM Press},
	Title = {Communicating {S}equential {P}rocesses},
	Volume = {21},
	Year = {1978}}

@misc{transputer,
	Author = {Ram Meenakshisundaram},
	Keywords = {Transputer},
	Title = {Transputer {H}ome {P}age},
	Url = {http://www.classiccmp.org/transputer}}

@article{00058215,
	Author = {J.M. Wing},
	Journal = {IEEE Computer},
	Keywords = {Formal Methods},
	Local-Url = {file://localhost/Users/lally/Work/Docs/Papers/00058215.pdf},
	Month = {Sept.},
	Number = {9},
	Pages = {8, 10-22, 24},
	Title = {A {S}pecifier's {I}ntroduction to {F}ormal {M}ethods},
	Volume = {23},
	Year = {1990}}

@article{365264,
	Author = {David E. Ferguson},
	Doi = {http://doi.acm.org/10.1145/365230.365264},
	Issn = {0001-0782},
	Journal = {Commun. ACM},
	Local-Url = {file://localhost/Users/lally/Work/Docs/Papers/365264.pdf},
	Number = {3},
	Pages = {190--196},
	Publisher = {ACM Press},
	Title = {Evolution of the {M}eta-{A}ssembly {P}rogram},
	Volume = {9},
	Year = {1966}}

@article{62141,
	Author = {Barbara Liskov},
	Doi = {http://doi.acm.org/10.1145/62139.62141},
	Issn = {0362-1340},
	Journal = {SIGPLAN Not.},
	Keywords = {LSP},
	Local-Url = {file://localhost/Users/lally/Work/Docs/Papers/62141.pdf},
	Number = {5},
	Pages = {17--34},
	Publisher = {ACM Press},
	Title = {Keynote {A}ddress - {D}ata {A}bstraction and {H}ierarchy},
	Volume = {23},
	Year = {1988}}

@inproceedings{302194,
	Author = {Tyng-Ruey Chuang and Y. S. Kuo and Chien-Min Wang},
	Booktitle = {Proceedings of the 20th {I}nternational {C}onference on {S}oftware {E}ngineering},
	Isbn = {0-8186-8368-6},
	Local-Url = {file://localhost/Users/lally/Work/Docs/Papers/302194.pdf},
	Location = {Kyoto, Japan},
	Pages = {312--321},
	Publisher = {IEEE Computer Society},
	Title = {Non-{I}ntrusive {O}bject {I}ntrospection in {C}++: {A}rchitecture and {A}pplication},
	Year = {1998}}

@unpublished{parnas,
	Author = {D.L. Parnas and P.C. Clements and D.M. Weiss},
	Local-Url = {file://localhost/Users/lally/Work/Docs/Papers/Mod_Struct_Parnas.pdf},
	Title = {The {M}odular {S}tructure of {C}omplex {S}ystems}}

@misc{turing1,
	Author = {Todd L. Veldhuizen},
	Title = {{C}++ {T}emplates are {T}uring {C}omplete},
 howpublished = "\url{http://osl.iu.edu/~tveldhui/papers/2003/turing.pdf}",
	Urldate = {August 9, 2004}}

@inproceedings{ijcai95,
	Address = {Montreal, Canada},
	Author = {Harald Rue{\ss} and Holger Pfeifer and F.W. von Henke},
	Booktitle = {Reflection and {M}etalevel {A}rchitectures and their {A}pplications in {AI}},
	Editor = {M.H. Ibrahim},
	Keywords = {Agent Formal Typelab},
	Local-Url = {file://localhost/Users/lally/Work/Docs/Papers/ijcai95.pdf},
	Note = {IJCAI'95 Workshop},
	Title = {Formalization and {R}easoning in a {R}eflective {A}rchitecture},
	Year = {1995}}

@misc{progcommidx,
	Author = {{TIOBE} Software},
	Keywords = {Languages},
	Title = {{TPCI} - {TIOBE} {P}rogramming {C}ommunity {I}ndex},
 howpublished = "\url{http://www.tiobe.com/tpci.htm}",
	Urldate = {August 9, 2004}}

@misc{boost,
	Keywords = {{C}++ Standard},
	Title = {The {B}oost {L}ibrary},
 howpublished = "\url{http://www.boost.org}",
	Urldate = {August 9, 2004}}

@misc{STL,
	Author = {SGI},
	Title = {The {S}tandard {T}emplate {L}ibrary},
	howpublished = "\url{http://www.sgi.com/tech/stl/}"
}

@article{357110,
	Author = {Krzysztof R. Apt and Nissim and {Willem P. de Roever}},
	Doi = {http://doi.acm.org/10.1145/357103.357110},
	Issn = {0164-0925},
	Journal = {ACM Trans. Program. Lang. Syst.},
	Keywords = {CSP},
	Local-Url = {file://localhost/Users/lally/Work/Docs/Papers/357110.pdf},
	Number = {3},
	Pages = {359--385},
	Publisher = {ACM Press},
	Title = {A {P}roof {S}ystem for {C}ommunicating {S}equential {P}rocesses},
	Volume = {2},
	Year = {1980}}

@misc{straitjacket,
	Annote = {Bjarne's comment about Pascal's type system being a straitjacket.},
	Author = {Bjarne Stroustrup},
	Month = {November},
	Title = {Talk about the {D}esign and {U}se of {C}++ {L}iteracy {B}ookstore in {S}an {J}ose, {CA}},
 howpublished = "\url{http://www.research.att.com/~bs/Cbooks_QnA.html}",
	Urldate = {August 9, 2004},
	Year = {1993}}

@misc{std-stat,
	Keywords = {{C}++ Standard},
	Title = {{C}++ {S}tandardization {S}tatus 2004-1},
 howpublished = "\url{http://www.vollmann.ch/en/presentations/cpp-std-041.html}",
	Urldate = {August 9, 2004}}

@article{00754219,
	Author = {Lucas, A. and Goss, S.},
	Journal = {Information, {D}ecision and {C}ontrol},
	Keywords = {Agent Formal},
	Local-Url = {file://localhost/Users/lally/Work/Docs/Papers/00754219.pdf},
	Month = {Feb},
	Title = {The {P}otential for {I}ntelligent {S}oftware {A}gents in {D}efense {S}imlulation},
	Year = {1999}}

@article{Hoare,
	Author = {C. A. R. Hoare},
	Doi = {http://doi.acm.org/10.1145/359576.359585},
	Issn = {0001-0782},
	Journal = {Commun. ACM},
	Keywords = {CSP},
	Local-Url = {file://localhost/Users/lally/Work/Docs/Papers/359585.pdf},
	Number = {8},
	Pages = {666--677},
	Publisher = {ACM Press},
	Title = {Communicating {S}equential {P}rocesses},
	Volume = {21},
	Year = {1978}}

@misc{objc,
	Author = {Apple Computer},
	Keywords = {Objective C},
	Title = {Cocoa: {T}he {O}bjective-{C} {P}rogramming {L}anguage},
 howpublished = "\url{http://developer.apple.com/documentation/Cocoa/Conceptual/ObjectiveC/index.html}",
	Urldate = {August 9, 2004}}

@inproceedings{IGLS96,
	Author = {Frances Brazier and Pascal van Eck and Jan Treur},
	Booktitle = {Trends in {T}heoretical {I}nformatics},
	Local-Url = {file://localhost/Users/lally/Work/Docs/Papers/IGLS96.props.pdf},
	Publisher = {R. Oldenbourg},
	Title = {Design of a {M}odelling {F}ramework for {M}ulti-{A}gent {S}ystems},
	Year = {1996}}

@misc{javassist,
	Author = {The {JB}oss {P}roject},
	Keywords = {Java},
	Title = {Javassist {H}ome {P}age},
 howpublished = "\url{http://www.csg.is.titech.ac.jp/~chiba/javassist/}",
	Urldate = {August 9, 2004}}

@misc{GCJ,
	Author = {The {GNU} {P}roject},
	Keywords = {GNU GCC Java},
	Title = {{GCJ}: The {GNU} {C}ompiler for {J}ava},
 howpublished = "\url{http://gcc.gnu.org/java/}",
	Urldate = {August 9, 2004}}

@inproceedings{376091,
	Author = {Peter McBurney and Simon Parsons},
	Booktitle = {Proceedings of the {F}ifth {I}nternational {C}onference on {A}utonomous {A}gents},
	Doi = {http://doi.acm.org/10.1145/375735.376091},
	Isbn = {1-58113-326-X},
	Keywords = {Agent Formal},
	Local-Url = {file://localhost/Users/lally/Work/Docs/Papers/376091.pdf},
	Location = {Montreal, Quebec, Canada},
	Pages = {178--179},
	Publisher = {ACM Press},
	Title = {A {F}ormal {F}ramework for {I}nter-{A}gent {D}ialogues},
	Year = {2001}}

@misc{squeak,
    Author = {The {S}queak {P}roject},
	Title = {Welcome to {S}queak},
 howpublished = "\url{http://www.squeak.org}",
	Urldate = {August 9, 2004}}

@article{833,
	Author = {S. D. Brookes and C. A. R. Hoare and A. W. Roscoe},
	Doi = {http://doi.acm.org/10.1145/828.833},
	Issn = {0004-5411},
	Journal = {J. ACM},
	Keywords = {CSP},
	Local-Url = {file://localhost/Users/lally/Work/Docs/Papers/833.pdf},
	Number = {3},
	Pages = {560--599},
	Publisher = {ACM Press},
	Title = {A {T}heory of {C}ommunicating {S}equential {P}rocesses},
	Volume = {31},
	Year = {1984}}

@article{00062725,
	Author = {Whitby-Strevens, C.},
	Journal = {IEEE Micro},
	Keywords = {CSP, transputer},
	Local-Url = {file://localhost/Users/lally/Work/Docs/Papers/00062725.pdf},
	Month = {Dec},
	Pages = {16-19, 76-82},
	Title = {Transputers-{P}ast, {P}resent and {F}uture},
	Volume = {10},
	Year = {1990}}

@article{01241045,
	Author = {Lijuan Shan and Hong Zhu},
	Journal = {{IEEE/WIC} {I}nternational {C}onference on {I}ntelligent {A}gent {T}echnology},
	Keywords = {Agent Formal},
	Local-Url = {file://localhost/Users/lally/Work/Docs/Papers/01241045.pdf},
	Month = {Oct},
	Pages = {32-38},
	Title = {Modelling and {S}pecifying {S}cenarios and {A}gent {B}ehavior},
	Year = {2003}}

@inproceedings{376108,
	Author = {Alexander Artikis and Jeremy Pitt},
	Booktitle = {Proceedings of the {F}ifth {I}nternational {C}onference on {A}utonomous {A}gents},
	Doi = {http://doi.acm.org/10.1145/375735.376108},
	Isbn = {1-58113-326-X},
	Local-Url = {file://localhost/Users/lally/Work/Docs/Papers/376108.pdf},
	Location = {Montreal, Quebec, Canada},
	Pages = {192--193},
	Publisher = {ACM Press},
	Title = {A {F}ormal {M}odel of {O}pen {A}gent {S}ocieties},
	Year = {2001}}

@inproceedings{376473,
	Author = {Onn Shehory and Arnon Sturm},
	Booktitle = {Proceedings of the {F}ifth {I}nternational {C}onference on {A}utonomous {A}gents},
	Doi = {http://doi.acm.org/10.1145/375735.376473},
	Isbn = {1-58113-326-X},
	Local-Url = {file://localhost/Users/lally/Work/Docs/Papers/376473.pdf},
	Location = {Montreal, Quebec, Canada},
	Pages = {624--631},
	Publisher = {ACM Press},
	Title = {Evaluation of {M}odeling {T}echniques for {A}gent-{B}ased {S}ystems},
	Year = {2001}}

@inproceedings{24213,
	Author = {Norman Delisle and Mayer Schwartz},
	Booktitle = {Proceedings of the {S}econd {ACM} {SIGSOFT}/{SIGPLAN} {S}oftware {E}ngineering {S}ymposium on {P}ractical {S}oftware {D}evelopment {E}nvironments},
	Doi = {http://doi.acm.org/10.1145/24208.24213},
	Isbn = {0-89791-212-8},
	Keywords = {CSP},
	Local-Url = {file://localhost/Users/lally/Work/Docs/Papers/24213.pdf},
	Location = {Palo Alto, California, United States},
	Pages = {34--41},
	Publisher = {ACM Press},
	Title = {A {P}rogramming {E}nvironment for {CSP}},
	Year = {1987}}

@inproceedings{860674,
	Author = {Simon Parsons and Michael Wooldridge and Leila Amgoud},
	Booktitle = {Proceedings of the {S}econd {I}nternational {J}oint {C}onference on {A}utonomous {A}gents and {M}ultiagent {S}ystems},
	Doi = {http://doi.acm.org/10.1145/860575.860674},
	Isbn = {1-58113-683-8},
	Keywords = {Agent Formal},
	Local-Url = {file://localhost/Users/lally/Work/Docs/Papers/860674.pdf},
	Location = {Melbourne, Australia},
	Pages = {616--623},
	Publisher = {ACM Press},
	Title = {On the {O}utcomes of {F}ormal {I}nter-{A}gent {D}ialogues},
	Year = {2003}}

@article{357247,
	Author = {Leslie Lamport and Fred B. Schneider},
	Doi = {http://doi.acm.org/10.1145/2993.357247},
	Issn = {0164-0925},
	Journal = {ACM Trans. Program. Lang. Syst.},
	Keywords = {CSP},
	Local-Url = {file://localhost/Users/lally/Work/Docs/Papers/357247.pdf},
	Number = {2},
	Pages = {281--296},
	Publisher = {ACM Press},
	Title = {The ``{H}oare {L}ogic'' of {CSP}, and {A}ll {T}hat},
	Volume = {6},
	Year = {1984}}

@inproceedings{860852,
	Author = {Hong Zhu},
	Booktitle = {Proceedings of the {S}econd {I}nternational {J}oint {C}onference on {A}utonomous {A}gents and {M}ultiagent {S}ystems},
	Doi = {http://doi.acm.org/10.1145/860575.860852},
	Isbn = {1-58113-683-8},
	Local-Url = {file://localhost/Users/lally/Work/Docs/Papers/860852.pdf},
	Location = {Melbourne, Australia},
	Pages = {1174--1175},
	Publisher = {ACM Press},
	Title = {A {F}ormal {S}pecification {L}anguage for {A}gent-{O}riented {S}oftware {E}ngineering},
	Year = {2003}}

@manual{ansi++,
	Address = {1430 Broadway, New York, NY 10018, USA},
	Keywords = {{C}++ Standard},
	Local-Url = {file://localhost/Users/lally/Work/Docs/Ansi{\%}20{C}++{\%}20Standard.pdf},
	Organization = {American National Standards Institute},
	Title = {The {ANSI} {C}++ Standard ({ISO}/{IEC} 14882)},
	Year = {2002}}

@inproceedings{obz-tcsp-tcoz,
	Author = {Brendan Mahony and Jin Song Dong},
	Booktitle = {Proceedings of the 20th {I}nternational {C}onference on {S}oftware {E}ngineering},
	Isbn = {0-8186-8368-6},
	Location = {Kyoto, Japan},
	Pages = {95--104},
	Publisher = {IEEE Computer Society},
	Title = {Blending {O}bject-Z and {T}imed {CSP}: an {I}ntroduction to {TCOZ}},
	Year = {1998}}

@inproceedings{568794,
	Author = {Dianxiang Xu and Richard Volz and Thomas Ioerger and John Yen},
	Booktitle = {Proceedings of the 14th {I}nternational {C}onference on {S}oftware {E}ngineering and {K}nowledge {E}ngineering},
	Doi = {http://doi.acm.org/10.1145/568760.568794},
	Isbn = {1-58113-556-4},
	Keywords = {Agent Formal},
	Local-Url = {file://localhost/Users/lally/Work/Docs/Papers/568794.pdf},
	Location = {Ischia, Italy},
	Pages = {193--200},
	Publisher = {ACM Press},
	Title = {Modeling and {V}erifying {M}ulti-{A}gent {B}ehaviors using {P}redicate/{T}ransition {N}ets},
	Year = {2002}}

@book{csp-formdev,
	Author = {Michael G. Hinchey and Stephen A. Jarvis},
	Keywords = {CSP},
	Publisher = {McGraw-Hill},
	Title = {Concurrent {S}ystems: {F}ormal {D}evelopment in {CSP}},
	Year = {1995}}

@techreport{coug-ad,
	Institution = {BBN Technologies},
	Keywords = {cougaar, agent, distributed},
	Local-Url = {file://localhost/Users/lally/Work/School/Cougaar/Cougaar{\%}20Documentation/11.0/CAD_11_0.pdf},
	Title = {Cougaar {A}rchitecture {D}ocument},
	Year = {2004}}

@techreport{coug-dg,
	Institution = {BBN Technologies},
	Keywords = {cougaar, agent, distributed},
	Local-Url = {file://localhost/Users/lally/Work/School/Cougaar/Cougaar{\%}20Documentation/11.0/CDG_11_0.pdf},
	Title = {Cougaar {D}eveloper's {G}uide}}

@misc{libqt,
	Author = {Troll{T}ech},
	Keywords = {{C}++ QT},
	Title = {The {QT} {L}ibrary},
 howpublished = "\url{http://www.trolltech.com}",
	Year = {2001}}

@misc{java-objc,
	Address = {Java {W}as {S}trongly {I}nfluenced by {O}bjective-{C}},
	Annote = {Patrick Naughtons _The Java Handbook_ seems to have a written description.
Ok, Naughtons a friggin kiddie porn freak.},
	Author = {Patrick Naughton},
	howpublished = "\url{http://www.cs.umd.edu/users/seanl/stuff/java-objc.html}"
}

@book{gamma,
	Author = {Erich Gamma and Richard Helm and Ralph Johnson and John Vlissides},
	Publisher = {Addison-Wesley},
	Title = {Design {P}atterns},
	Year = {1995}}

@inproceedings{chiba,
	Author = {Shigeru Chiba},
	Booktitle = {Conference on {O}bject {O}riented {P}rogramming {S}ystems {L}anguages and {A}pplications},
	Keywords = {{C}++ Open{C}++},
	Local-Url = {file://localhost/Users/lally/Work/School/thesis/Papers/Open{C}++/MOP{\%}20{C}++.pdf},
	Organization = {SIGPLAN: ACM},
	Publisher = {ACM},
	Title = {A {M}etaobject {P}rotocol for {C}++},
	Year = {1995}}

@inproceedings{turing0,
	Author = {Krzysztof Czarnecki and Ulrich W. Eisenecker},
	Booktitle = {Foundations of {S}oftware {E}ngineering},
	Title = {{C}++ {T}emplates are {T}uring {C}omplete},
	Year = {1999}}

@techreport{turing,
	Author = {E. Unruh},
	Institution = {ANSI X3J16-94-0075/ISO WG21-462},
	Title = {Prime number computation},
	Year = {1994}}

@techreport{keyval,
	Author = {Apple Computer},
	Institution = {Apple Computer},
	Title = {Introduction to {K}ey-{V}alue {C}oding},
 howpublished = "\url{http://developer.apple.com/documentation/Cocoa/Conceptual/KeyValueCoding/}",
	Year = {2003}}

@book{java,
	Author = {Bill Joy and Guy Steele and James Gosling and Gilad Bracha},
	Keywords = {Java},
	Publisher = {Addison-Wesley},
	Title = {Java({TM}) {L}angauge {S}pecification},
	Year = {2000}}

@book{lisp-metaobject,
	Author = {Gregor Kiczales},
	Keywords = {LISP MOP},
	Publisher = {MIT Press},
	Title = {The {A}rt of the {M}etaobject {P}rotocol},
	Year = {1991}}

@book{gcc,
	Author = {Richard M. Stallman},
	Keywords = {gcc},
	Publisher = {{IU}niverse.com},
	Title = {Using and {P}orting the {GNU} {C}ompiler {C}ollection ({GCC})},
	Year = {2003}}

@book{lisp,
	Author = {Paul Graham},
	Publisher = {Prentice Hall},
	Title = {{ANSI} {C}ommon {L}isp},
	Year = {1995}}

@book{modern,
	Author = {Andrei Alexandrescu},
	Publisher = {Addison-Wesley},
	Title = {Modern {C}++ {D}esign: {G}eneric {P}rogramming and {D}esign {P}atterns {A}pplied},
	Year = {2001}}

@misc{javabeans,
	Author = {Sun Microsystems},
	Keywords = {Java},
	Title = {The {J}ava{B}eans {C}omponent {A}rchitecture},
 howpublished = "\url{http://java.sun.com/products/javabeans/}",
	Year = {2003}}

@misc{cocoa,
	Author = {Apple Computer},
	Institution = {Apple Computer},
	Title = {Cocoa},
 howpublished = "\url{http://developer.apple.com/cocoa/}",
	Year = {2003}}

@book{corba,
	Author = {Michi Henning and Steve Vinoski},
	Publisher = {Addison-Wesley},
	Title = {Advanced {CORBA}({R}) {P}rogramming with {C}++},
	Year = {1999}}

@inproceedings{blitz,
	Author = {Todd L. Veldhuizen},
	Booktitle = {Proceedings of the 2nd {I}nternational {S}cientific {C}omputing in {O}bject-{O}riented {P}arallel {E}nvironments ({ISCOPE}'98)},
	Keywords = {Blitz},
	Publisher = {Springer-Verlag},
	Title = {Arrays in {B}litz++},
	Year = {1998}}

@techreport{sgistl,
	Author = {SGI},
	Institution = {SGI},
	Keywords = {STL},
	Title = {Standard {T}emplate {L}ibrary {P}rogrammer's {G}uide},
 howpublished = "\url{http://www.sgi.com/tech/stl/}",
	Year = {2003}}

@book{tc++pl,
	Author = {Bjarne Stroustrup},
	Keywords = {{C}++},
	Publisher = {Addison-Wesley},
	Title = {The {C}++ {P}rogramming {L}anguage},
	Year = {2000}}

@book{arm,
	Author = {Margaret A. Ellis and Bjarne Stroustrup},
	Keywords = {{C}++},
	Publisher = {Addison-Wesley},
	Title = {The {A}nnotated {C}++ {R}eference {M}anual},
	Year = {1990}}
